<?xml version="1.0" encoding="UTF-8"?><collection xmlns="http://www.loc.gov/MARC21/slim"><record><leader>00558nam--2200181-i-4500</leader><controlfield tag="001">000005124</controlfield><controlfield tag="002">20161230</controlfield><controlfield tag="005">20161230201026</controlfield><controlfield tag="008">060222s1000------------r-----000-0-eng-d</controlfield><datafield ind1=" " ind2=" " tag="040"><subfield code="a">IFIN-HH</subfield></datafield><datafield ind1=" " ind2=" " tag="080"><subfield code="a">535</subfield></datafield><datafield ind1="1" ind2=" " tag="100"><subfield code="a">Deve, Charles</subfield></datafield><datafield ind1="1" ind2="0" tag="245"><subfield code="a">Optical worshop principles</subfield><subfield code="b">Being a translation of le travail des verres d optique de precision. translated by tippell l. thomas</subfield><subfield code="c">Charles deve</subfield></datafield><datafield ind1=" " ind2=" " tag="250"><subfield code="a">2nd English Edition</subfield></datafield><datafield ind1=" " ind2=" " tag="260"><subfield code="a">London</subfield><subfield code="b">Hilger &amp; Watts Ltd</subfield><subfield code="c">1954</subfield></datafield><datafield ind1=" " ind2=" " tag="300"><subfield code="a">XXIV+436P</subfield></datafield><datafield ind1=" " ind2=" " tag="852"><subfield code="a">14892</subfield><subfield code="c">535</subfield></datafield><datafield ind1=" " ind2=" " tag="CAT"><subfield code="a">Sys</subfield><subfield code="c">20101019</subfield><subfield code="h">131943</subfield></datafield></record></collection>